@book{10.5555/2815529,
author = {Harris, Sarah and Harris, David},
title = {Digital Design and Computer Architecture: ARM Edition},
year = {2015},
isbn = {0128000562},
publisher = {Morgan Kaufmann Publishers Inc.},
address = {San Francisco, CA, USA},
edition = {1st},
}

@book{10.5555/2432196,
author = {Dally, William James and Harting, R. Curtis},
title = {Digital Design: A Systems Approach},
year = {2012},
isbn = {0521199506},
publisher = {Cambridge University Press},
address = {USA},
}%

@techreport{dsdb1,
  title = "{User Manual: NI Digital System Development Board}",
  institution = "National Instruments",
  number = "Pub ID: 376627B-01",
  year = "2018",
}

@misc{fips463,
  added-at = {2009-01-14T00:43:43.000+0100},
  author = {{National Institute of Standards and Technology}},
  biburl = {https://www.bibsonomy.org/bibtex/2cc9f8a97c52014a952c4426c7f578b13/dret},
  description = {dret'd bibliography},
  howpublished = {FIPS Publication 46-3},
  interhash = {e345f8a7b3fae7846a7f76f984862d01},
  intrahash = {cc9f8a97c52014a952c4426c7f578b13},
  keywords = {imported},
  month = {October},
  timestamp = {2009-01-14T00:44:03.000+0100},
  title = {Data Encryption Standard ({DES})},
  topic = {des[1] dea[1] tripledes[1] tdea[1]},
  updates = {des},
  uri = {http://csrc.nist.gov/publications/fips/fips46-3/},
  year = 1999
}


@book{10.5555/1721909,
author = {Paar, Christof and Pelzl, Jan},
title = {Understanding Cryptography: A Textbook for Students and Practitioners},
year = {2009},
isbn = {3642041000},
publisher = {Springer Publishing Company, Incorporated},
edition = {1st},
}

@article{SchaeferEdwardF1996ASDE,
pages = {77-84},
publisher = {United States Military Academy},
title = {A SIMPLIFIED {D}ATA {E}NCRYPTION {S}TANDARD ALGORITHM},
volume = {20},
year = {1996},
author = {Schaefer, Edward F},
copyright = {Copyright Taylor & Francis Group, LLC 1996},
issn = {0161-1194},
journal = {Cryptologia},
keywords = {cryptology course ; Data Encryption Standard},
language = {eng},
number = {1},
}